<?xml version="1.0" encoding="UTF-8"?><collection xmlns="http://www.loc.gov/MARC21/slim"><record><leader>00359nam--2200121-i-4500</leader><controlfield tag="001">000001261</controlfield><controlfield tag="002">20161230</controlfield><controlfield tag="005">20161230201024</controlfield><controlfield tag="008">060222s1000------------r-----000-0-eng-d</controlfield><datafield ind1=" " ind2=" " tag="245"><subfield code="a">Messen und regeln in der chemischen. technik</subfield></datafield><datafield ind1=" " ind2=" " tag="260"><subfield code="a">Berlin, Spinger-verlag, 1957. Xix + 1261 P., 1331 Figuri</subfield></datafield><datafield ind1=" " ind2=" " tag="700"><subfield code="a">Hengstenberg, J., Sturm B,. Winkler O</subfield></datafield><datafield ind1=" " ind2=" " tag="852"><subfield code="a">13431</subfield></datafield></record></collection>